<collection xmlns="http://www.loc.gov/MARC21/slim">
<record>
  <leader>05339nam0a22007691i 450 </leader>
  <controlfield tag="001">IT\ICCU\CNCE\030247</controlfield>
  <controlfield tag="005">20110916000000.0</controlfield>
  <datafield tag="012" ind1=" " ind2=" ">
    <subfield code="a">o-iu umde emm. **Ho (C) 1506 (R)</subfield>
    <subfield code="2">fei</subfield>
  </datafield>
  <datafield tag="100" ind1=" " ind2=" ">
    <subfield code="a">19971126d1506        0itac0103    ba</subfield>
  </datafield>
  <datafield tag="101" ind1=" " ind2=" ">
    <subfield code="a">LAT</subfield>
  </datafield>
  <datafield tag="102" ind1=" " ind2=" ">
    <subfield code="a">IT</subfield>
  </datafield>
  <datafield tag="200" ind1="1" ind2=" ">
    <subfield code="a">℗Ioannis Pici Mirandulae ℗Omnia opera. Ioannis Pici Mirandul ̆uita per Ioannem Franciscum illustris principis Galeoti Pici filium elegantissime conscripta. Heptaplus de opere sex dierum geneoseos. Deprecatoria ad Deum elegiaco carmine. Apologia tredecim qus̆tionum. Tractatus de ente &amp; uno cum obiectionibus quibusdam et recensionibus. Oratio qud̆am elegantissima. Epistole plures Ioannis Pici Mirandul.̆ Testimonia eius uit ̆&amp; doctrin.̆ Disputationum aduersus astrologos libri duodecim. Caecilii Cypriani episcopi Carthaginensis De ligno crucis carmen. Hoc in uolumine scribunt Epistolas hi uiri clarissimi. Ioannes Picus Mirandula Io. Fran Miran. Gal. comitis filius Hermolaus Barbarus ...</subfield>
  </datafield>
  <datafield tag="210" ind1=" " ind2=" ">
    <subfield code="e">\Reggio Emilia!</subfield>
    <subfield code="g">impressit dominus Ludouicus de Mazalis ciuis regiensis</subfield>
    <subfield code="h">1506 XV Nouembris</subfield>
  </datafield>
  <datafield tag="215" ind1=" " ind2=" ">
    <subfield code="a">\262! c.</subfield>
    <subfield code="d">fol</subfield>
  </datafield>
  <datafield tag="620" ind1=" " ind2=" ">
    <subfield code="a">IT</subfield>
    <subfield code="d">Reggio Emilia</subfield>
  </datafield>
  <datafield tag="700" ind1=" " ind2="1">
    <subfield code="a">Pico della Mirandola,</subfield>
    <subfield code="b">Giovanni</subfield>
    <subfield code="3">IT\ICCU\CNCA\000232</subfield>
  </datafield>
  <datafield tag="702" ind1=" " ind2="1">
    <subfield code="a">Barbaro,</subfield>
    <subfield code="b">Ermolao</subfield>
    <subfield code="3">IT\ICCU\CNCA\000272</subfield>
  </datafield>
  <datafield tag="702" ind1=" " ind2="1">
    <subfield code="a">Cyprianus,</subfield>
    <subfield code="b">Thascius Caecilius</subfield>
    <subfield code="c"> &lt;santo&gt;</subfield>
    <subfield code="3">IT\ICCU\CNCA\003615</subfield>
  </datafield>
  <datafield tag="702" ind1=" " ind2="1">
    <subfield code="a">Pico della Mirandola,</subfield>
    <subfield code="b">Giovanni Francesco</subfield>
    <subfield code="3">IT\ICCU\CNCA\009038</subfield>
  </datafield>
  <datafield tag="712" ind1="0" ind2="0">
    <subfield code="a">Mazzali, Lodovico</subfield>
    <subfield code="3">IT\ICCU\CNCT\002098</subfield>
    <subfield code="4">650</subfield>
  </datafield>
  <datafield tag="790" ind1=" " ind2="1">
    <subfield code="a">Picus,</subfield>
    <subfield code="b">Ioannes</subfield>
    <subfield code="3">IT\ICCU\CNCA\022842</subfield>
    <subfield code="z">Pico della Mirandola, Giovanni</subfield>
  </datafield>
  <datafield tag="790" ind1=" " ind2="1">
    <subfield code="a">Barbarus,</subfield>
    <subfield code="b">Hermolaus</subfield>
    <subfield code="3">IT\ICCU\CNCA\019065</subfield>
    <subfield code="z">Barbaro, Ermolao</subfield>
  </datafield>
  <datafield tag="790" ind1=" " ind2="1">
    <subfield code="a">Barbaro,</subfield>
    <subfield code="b"></subfield>
    <subfield code="3">IT\ICCU\CNCA\019066</subfield>
    <subfield code="z">Barbaro, Ermolao</subfield>
  </datafield>
  <datafield tag="790" ind1=" " ind2="0">
    <subfield code="a">Cipriano</subfield>
    <subfield code="c"> : di#Cartagine</subfield>
    <subfield code="c"> &lt;santo&gt;</subfield>
    <subfield code="3">IT\ICCU\CNCA\013933</subfield>
    <subfield code="z">Cyprianus, Thascius Caecilius &lt;santo&gt;</subfield>
  </datafield>
  <datafield tag="790" ind1=" " ind2="1">
    <subfield code="a">Pico della Mirandola,</subfield>
    <subfield code="b">Gianfrancesco</subfield>
    <subfield code="3">IT\ICCU\CNCA\016629</subfield>
    <subfield code="z">Pico della Mirandola, Giovanni Francesco</subfield>
  </datafield>
  <datafield tag="790" ind1=" " ind2="1">
    <subfield code="a">Picus,</subfield>
    <subfield code="b">Ioannes Franciscus</subfield>
    <subfield code="3">IT\ICCU\CNCA\022841</subfield>
    <subfield code="z">Pico della Mirandola, Giovanni Francesco</subfield>
  </datafield>
  <datafield tag="791" ind1="0" ind2="0">
    <subfield code="a">Mazalis, Ludovicus de</subfield>
    <subfield code="3">IT\ICCU\CNCT\003985</subfield>
    <subfield code="z">Mazzali, Lodovico</subfield>
  </datafield>
  <datafield tag="791" ind1="0" ind2="0">
    <subfield code="a">Mazalibus, Ludovicus de</subfield>
    <subfield code="3">IT\ICCU\CNCT\005135</subfield>
    <subfield code="z">Mazzali, Lodovico</subfield>
  </datafield>
  <datafield tag="801" ind1=" " ind2="3">
    <subfield code="a">IT</subfield>
    <subfield code="b">ICCU</subfield>
    <subfield code="c">20201114</subfield>
  </datafield>
  <datafield tag="899" ind1=" " ind2=" ">
    <subfield code="a">Biblioteca estera - Bayerische StaatsBibliothek. Muenchen</subfield>
    <subfield code="1">AA0008</subfield>
  </datafield>
  <datafield tag="899" ind1=" " ind2=" ">
    <subfield code="a">Biblioteche scientifiche degli Istituti ortopedici Rizzoli. Bologna</subfield>
    <subfield code="1">BO0271</subfield>
    <subfield code="2">ZBO 08</subfield>
  </datafield>
  <datafield tag="899" ind1=" " ind2=" ">
    <subfield code="a">Biblioteca comunale dell&apos;Archiginnasio. Bologna</subfield>
    <subfield code="1">BO0304</subfield>
    <subfield code="2">UBO GA</subfield>
  </datafield>
  <datafield tag="899" ind1=" " ind2=" ">
    <subfield code="a">Biblioteca provinciale dei frati minori cappuccini. Bologna</subfield>
    <subfield code="1">BO0342</subfield>
    <subfield code="2">PBE 94</subfield>
  </datafield>
  <datafield tag="899" ind1=" " ind2=" ">
    <subfield code="a">Biblioteca civica Queriniana. Brescia</subfield>
    <subfield code="1">BS0026</subfield>
    <subfield code="2">ZBS 01</subfield>
  </datafield>
  <datafield tag="899" ind1=" " ind2=" ">
    <subfield code="a">Biblioteca Zelantea. Acireale</subfield>
    <subfield code="1">CT0260</subfield>
    <subfield code="2">CAT ZE</subfield>
  </datafield>
  <datafield tag="899" ind1=" " ind2=" ">
    <subfield code="a">Biblioteca comunale Filippo De Nobili. Catanzaro</subfield>
    <subfield code="1">CZ0014</subfield>
    <subfield code="2">RCA CC</subfield>
  </datafield>
  <datafield tag="899" ind1=" " ind2=" ">
    <subfield code="a">Biblioteca Apostolica Vaticana. Citt ̉del Vaticano</subfield>
    <subfield code="1">EX0001</subfield>
    <subfield code="2">ZCV 01</subfield>
  </datafield>
  <datafield tag="899" ind1=" " ind2=" ">
    <subfield code="a">Pontificia Biblioteca Antoniana. Padova</subfield>
    <subfield code="1">EX0020</subfield>
    <subfield code="2">PUV 78</subfield>
  </datafield>
  <datafield tag="899" ind1=" " ind2=" ">
    <subfield code="a">Biblioteca del Seminario arcivescovile maggiore. Firenze</subfield>
    <subfield code="1">FI0056</subfield>
    <subfield code="2">RT1 QM</subfield>
  </datafield>
  <datafield tag="899" ind1=" " ind2=" ">
    <subfield code="a">Biblioteca nazionale centrale. Firenze</subfield>
    <subfield code="1">FI0098</subfield>
    <subfield code="2">CFI CF</subfield>
  </datafield>
  <datafield tag="899" ind1=" " ind2=" ">
    <subfield code="a">Biblioteca statale del Monumento nazionale di Montecassino. Cassino</subfield>
    <subfield code="1">FR0084</subfield>
    <subfield code="2">RML 25</subfield>
  </datafield>
  <datafield tag="899" ind1=" " ind2=" ">
    <subfield code="a">Biblioteca universitaria. Genova</subfield>
    <subfield code="1">GE0038</subfield>
    <subfield code="2">LIG 01</subfield>
  </datafield>
  <datafield tag="899" ind1=" " ind2=" ">
    <subfield code="a">Biblioteca comunale Pietro Siciliani. Galatina</subfield>
    <subfield code="1">LE0209</subfield>
    <subfield code="2">LEK SF</subfield>
  </datafield>
  <datafield tag="899" ind1=" " ind2=" ">
    <subfield code="a">Biblioteca comunale Mozzi-Borgetti. Macerata</subfield>
    <subfield code="1">MC0049</subfield>
    <subfield code="2">UMC CM</subfield>
  </datafield>
  <datafield tag="899" ind1=" " ind2=" ">
    <subfield code="a">Biblioteca delle Facolt ̉di giurisprudenza e di lettere e filosofia dell&apos;Universit ̉degli studi di Milano. Milano</subfield>
    <subfield code="1">MI0190</subfield>
    <subfield code="2">USM A6</subfield>
  </datafield>
  <datafield tag="899" ind1=" " ind2=" ">
    <subfield code="a">Biblioteca del Centro APICE - Archivi della parola, dell&apos;immagine e della comunicazione editoriale dell&apos;Universit ̉degli studi di Milano. Milano</subfield>
    <subfield code="1">MI1289</subfield>
    <subfield code="2">USM S6</subfield>
  </datafield>
  <datafield tag="899" ind1=" " ind2=" ">
    <subfield code="a">Biblioteca comunale. Mirandola</subfield>
    <subfield code="1">MO0035</subfield>
    <subfield code="2">MOD MR</subfield>
  </datafield>
  <datafield tag="899" ind1=" " ind2=" ">
    <subfield code="a">Biblioteca Estense Universitaria. Modena</subfield>
    <subfield code="1">MO0089</subfield>
    <subfield code="2">MOD BE</subfield>
  </datafield>
  <datafield tag="899" ind1=" " ind2=" ">
    <subfield code="a">Biblioteca universitaria. Napoli</subfield>
    <subfield code="1">NA0070</subfield>
    <subfield code="2">NAP BU</subfield>
  </datafield>
  <datafield tag="899" ind1=" " ind2=" ">
    <subfield code="a">Biblioteca nazionale Vittorio Emanuele III. Napoli</subfield>
    <subfield code="1">NA0079</subfield>
    <subfield code="2">NAP BN</subfield>
  </datafield>
  <datafield tag="899" ind1=" " ind2=" ">
    <subfield code="a">Biblioteca Cathariniana. Pisa</subfield>
    <subfield code="1">PI0027</subfield>
    <subfield code="2">RT1 QW</subfield>
  </datafield>
  <datafield tag="899" ind1=" " ind2=" ">
    <subfield code="a">Biblioteca universitaria. Pisa</subfield>
    <subfield code="1">PI0112</subfield>
    <subfield code="2">PIS R1</subfield>
  </datafield>
  <datafield tag="899" ind1=" " ind2=" ">
    <subfield code="a">Istituto culturale e di documentazione Lazzerini. Prato</subfield>
    <subfield code="1">PO0002</subfield>
    <subfield code="2">RT1 DA</subfield>
  </datafield>
  <datafield tag="899" ind1=" " ind2=" ">
    <subfield code="a">Biblioteca Palatina. Parma</subfield>
    <subfield code="1">PR0072</subfield>
    <subfield code="2">PAR PA</subfield>
  </datafield>
  <datafield tag="899" ind1=" " ind2=" ">
    <subfield code="a">Biblioteca centrale dell&apos;Area umanistica dell&apos;Universit ̉degli studi di Urbino. Urbino</subfield>
    <subfield code="1">PU0206</subfield>
    <subfield code="2">URB AU</subfield>
  </datafield>
  <datafield tag="899" ind1=" " ind2=" ">
    <subfield code="a">Biblioteca cardinale Gaetano Cicognani. Faenza</subfield>
    <subfield code="1">RA0017</subfield>
    <subfield code="2">RAV SC</subfield>
  </datafield>
  <datafield tag="899" ind1=" " ind2=" ">
    <subfield code="a">Biblioteca del Liceo ginnasio L. Torricelli. Faenza</subfield>
    <subfield code="1">RA0057</subfield>
    <subfield code="2">ZRA 10</subfield>
  </datafield>
  <datafield tag="899" ind1=" " ind2=" ">
    <subfield code="a">Biblioteca  Panizzi. Reggio Emilia</subfield>
    <subfield code="1">RE0052</subfield>
    <subfield code="2">RE2 PA</subfield>
  </datafield>
  <datafield tag="899" ind1=" " ind2=" ">
    <subfield code="a">Biblioteca nazionale centrale. Roma</subfield>
    <subfield code="1">RM0267</subfield>
    <subfield code="2">BVE CR</subfield>
  </datafield>
  <datafield tag="899" ind1=" " ind2=" ">
    <subfield code="a">Biblioteca dell&apos;Accademia nazionale dei Lincei e Corsiniana. Roma</subfield>
    <subfield code="1">RM0418</subfield>
    <subfield code="2">RML 10</subfield>
  </datafield>
  <datafield tag="899" ind1=" " ind2=" ">
    <subfield code="a">Biblioteca del Senato della Repubblica Giovanni Spadolini. Roma</subfield>
    <subfield code="1">RM0427</subfield>
    <subfield code="2">ZRM 12</subfield>
  </datafield>
  <datafield tag="899" ind1=" " ind2=" ">
    <subfield code="a">Biblioteca dell&apos;Opera pia del collegio Nazareno. Roma</subfield>
    <subfield code="1">RM0654</subfield>
    <subfield code="2">RMS M4</subfield>
  </datafield>
  <datafield tag="899" ind1=" " ind2=" ">
    <subfield code="a">Biblioteca comunale degli Intronati. Siena</subfield>
    <subfield code="1">SI0046</subfield>
    <subfield code="2">RT1 QI</subfield>
  </datafield>
  <datafield tag="899" ind1=" " ind2=" ">
    <subfield code="a">Fondazione Biblioteca S. Bernardino. Trento</subfield>
    <subfield code="1">TN0122</subfield>
    <subfield code="2">ZTN 18</subfield>
  </datafield>
  <datafield tag="899" ind1=" " ind2=" ">
    <subfield code="a">Biblioteca nazionale universitaria. Torino</subfield>
    <subfield code="1">TO0265</subfield>
    <subfield code="2">TO0 02</subfield>
  </datafield>
  <datafield tag="899" ind1=" " ind2=" ">
    <subfield code="a">British Library. London</subfield>
    <subfield code="1">UK0001</subfield>
  </datafield>
  <datafield tag="899" ind1=" " ind2=" ">
    <subfield code="a">Biblioteca nazionale Marciana. Venezia</subfield>
    <subfield code="1">VE0049</subfield>
    <subfield code="2">VEA BM</subfield>
  </datafield>
</record>
</collection>
